% Ruler
@article{DBLP:journals/pacmpl/NandiWZWSASGT21,
  author       = {Chandrakana Nandi and
                  Max Willsey and
                  Amy Zhu and
                  Yisu Remy Wang and
                  Brett Saiki and
                  Adam Anderson and
                  Adriana Schulz and
                  Dan Grossman and
                  Zachary Tatlock},
  title        = {Rewrite rule inference using equality saturation},
  journal      = {Proc. {ACM} Program. Lang.},
  volume       = {5},
  number       = {{OOPSLA}},
  pages        = {1--28},
  year         = {2021},
  url          = {https://doi.org/10.1145/3485496},
  doi          = {10.1145/3485496},
  timestamp    = {Sun, 12 Feb 2023 18:49:14 +0100},
  biburl       = {https://dblp.org/rec/journals/pacmpl/NandiWZWSASGT21.bib},
  bibsource    = {dblp computer science bibliography, https://dblp.org}
}

@article{jcss/Bergstra,
title = {Conditional rewrite rules: Confluence and termination},
journal = {Journal of Computer and System Sciences},
volume = {32},
number = {3},
pages = {323-362},
year = {1986},
issn = {0022-0000},
doi = {https://doi.org/10.1016/0022-0000(86)90033-4},
url = {https://www.sciencedirect.com/science/article/pii/0022000086900334},
author = {J.A. Bergstra and J.W. Klop},
}

@article{JACM2005:Detlefs,
  author = {Detlefs, David and Nelson, Greg and Saxe, James B.},
  title = {Simplify: A Theorem Prover for Program Checking},
  year = {2005},
  issue_date = {May 2005},
  publisher = {Association for Computing Machinery},
  address = {New York, NY, USA},
  volume = {52},
  number = {3},
  issn = {0004-5411},
  url = {https://doi.org/10.1145/1066100.1066102},
  doi = {10.1145/1066100.1066102},
  journal = {J. ACM},
  month = may,
  pages = {365–473},
  numpages = {109},
  keywords = {Theorem proving, program checking, decision procedures}
}

@inproceedings{POPL2009:Tate,
 author = {Tate, Ross and Stepp, Michael and Tatlock, Zachary and Lerner, Sorin},
 title = {Equality Saturation: A New Approach to Optimization},
 year = {2009},
 isbn = {9781605583792},
 publisher = {Association for Computing Machinery},
 address = {New York, NY, USA},
 url = {https://doi.org/10.1145/1480881.1480915},
 doi = {10.1145/1480881.1480915},
 booktitle = {Proceedings of the 36th Annual ACM SIGPLAN-SIGACT Symposium on Principles of Programming Languages},
 pages = {264–276},
 numpages = {13},
 keywords = {compiler optimization, intermediate representation, equality reasoning},
 location = {Savannah, GA, USA},
 series = {POPL ’09}
}

@inproceedings{DBLP:conf/fmcad/FlattCWTP22,
  author       = {Oliver Flatt and
                  Samuel Coward and
                  Max Willsey and
                  Zachary Tatlock and
                  Pavel Panchekha},
  editor       = {Alberto Griggio and
                  Neha Rungta},
  title        = {Small Proofs from Congruence Closure},
  booktitle    = {22nd Formal Methods in Computer-Aided Design, {FMCAD} 2022, Trento,
                  Italy, October 17-21, 2022},
  pages        = {75--83},
  publisher    = {{IEEE}},
  year         = {2022},
  url          = {https://doi.org/10.34727/2022/isbn.978-3-85448-053-2\_13},
  doi          = {10.34727/2022/isbn.978-3-85448-053-2\_13},
  timestamp    = {Tue, 21 Mar 2023 21:02:10 +0100}
}

@inproceedings{DBLP:conf/fmcad/NotzliBNPRBT22,
  author       = {Andres N{\"{o}}tzli and
                  Haniel Barbosa and
                  Aina Niemetz and
                  Mathias Preiner and
                  Andrew Reynolds and
                  Clark W. Barrett and
                  Cesare Tinelli},
  editor       = {Alberto Griggio and
                  Neha Rungta},
  title        = {Reconstructing Fine-Grained Proofs of Rewrites Using a Domain-Specific
                  Language},
  booktitle    = {22nd Formal Methods in Computer-Aided Design, {FMCAD} 2022, Trento,
                  Italy, October 17-21, 2022},
  pages        = {65--74},
  publisher    = {{IEEE}},
  year         = {2022},
  url          = {https://doi.org/10.34727/2022/isbn.978-3-85448-053-2\_12},
  doi          = {10.34727/2022/isbn.978-3-85448-053-2\_12},
  timestamp    = {Mon, 13 Feb 2023 21:53:10 +0100}
}

@inproceedings{DBLP:conf/cade/MouraB07,
  author       = {Leonardo Mendon{\c{c}}a de Moura and
                  Nikolaj S. Bj{\o}rner},
  editor       = {Frank Pfenning},
  title        = {Efficient E-Matching for {SMT} Solvers},
  booktitle    = {Automated Deduction - CADE-21, 21st International Conference on Automated
                  Deduction, Bremen, Germany, July 17-20, 2007, Proceedings},
  series       = {Lecture Notes in Computer Science},
  volume       = {4603},
  pages        = {183--198},
  publisher    = {Springer},
  year         = {2007},
  url          = {https://doi.org/10.1007/978-3-540-73595-3\_13},
  doi          = {10.1007/978-3-540-73595-3\_13}
}

@article{egg,
author = {Willsey, Max and Nandi, Chandrakana and Wang, Yisu Remy and Flatt, Oliver and Tatlock, Zachary and Panchekha, Pavel},
title = {Egg: Fast and Extensible Equality Saturation},
year = {2021},
issue_date = {January 2021},
publisher = {Association for Computing Machinery},
address = {New York, NY, USA},
volume = {5},
number = {POPL},
url = {https://doi.org/10.1145/3434304},
doi = {10.1145/3434304},
journal = {Proc. ACM Program. Lang.},
month = {jan},
articleno = {23},
numpages = {29},
keywords = {e-graphs, equality saturation}
}

@inproceedings{thesy,
  title={Theory exploration powered by deductive synthesis},
  author={Singher, Eytan and Itzhaky, Shachar},
  booktitle={Computer Aided Verification: 33rd International Conference, CAV 2021, Virtual Event, July 20--23, 2021, Proceedings, Part II 33},
  pages={125--148},
  year={2021},
  organization={Springer}
}

@article{10.1145/3485496,
author = {Nandi, Chandrakana and Willsey, Max and Zhu, Amy and Wang, Yisu Remy and Saiki, Brett and Anderson, Adam and Schulz, Adriana and Grossman, Dan and Tatlock, Zachary},
title = {Rewrite Rule Inference Using Equality Saturation},
year = {2021},
issue_date = {October 2021},
publisher = {Association for Computing Machinery},
address = {New York, NY, USA},
volume = {5},
number = {OOPSLA},
url = {https://doi.org/10.1145/3485496},
doi = {10.1145/3485496},
journal = {Proc. ACM Program. Lang.},
month = {oct},
articleno = {119},
numpages = {28},
keywords = {Rewrite Rules, Equality Saturation, Program Synthesis}
}

@article{yang2021equality,
  title={Equality saturation for tensor graph superoptimization},
  author={Yang, Yichen and Phothilimthana, Phitchaya and Wang, Yisu and Willsey, Max and Roy, Sudip and Pienaar, Jacques},
  journal={Proceedings of Machine Learning and Systems},
  volume={3},
  pages={255--268},
  year={2021}
}

% IsaCoSy
@article{JAR2010:Johanssonisacosy,
  title={Conjecture Synthesis for Inductive Theories},
  author={Moa Johansson and Lucas Dixon and Alan Bundy},
  journal={Journal of Automated Reasoning},
  year={2010},
  volume={47},
  pages={251-289}
}

% The CEGIS paper
@inproceedings{ASPLOS2006/Solar-Lezama,
  author    = {Armando Solar{-}Lezama and
               Liviu Tancau and
               Rastislav Bod{\'{\i}}k and
               Sanjit A. Seshia and
               Vijay A. Saraswat},
  title     = {Combinatorial sketching for finite programs},
  booktitle = {Proceedings of the 12th International Conference on Architectural
               Support for Programming Languages and Operating Systems, {ASPLOS}
               2006, San Jose, CA, USA, October 21-25, 2006},
  pages     = {404--415},
  year      = {2006},
  doi       = {10.1145/1168857.1168907},
  timestamp = {Tue, 06 Nov 2018 11:07:41 +0100}
}

@article{JFP2017:Smallbonequickspec2,
  author    = {Nicholas Smallbone and
               Moa Johansson and
               Koen Claessen and
               Maximilian Algehed},
  title     = {Quick specifications for the busy programmer},
  journal   = {J. Funct. Program.},
  volume    = {27},
  pages     = {e18},
  year      = {2017},
  url       = {https://doi.org/10.1017/S0956796817000090},
  doi       = {10.1017/S0956796817000090},
  timestamp = {Mon, 17 Jul 2017 16:13:52 +0200},
  biburl    = {https://dblp.org/rec/bib/journals/jfp/SmallboneJCA17},
  bibsource = {dblp computer science bibliography, https://dblp.org}
}

% - HipSpec (QuickSpec + Hip)
@inproceedings{ICAD2013:Claessen,
  title={Automating inductive proofs using theory exploration},
  author={Claessen, Koen and Johansson, Moa and Ros{\'e}n, Dan and Smallbone, Nicholas},
  booktitle={International Conference on Automated Deduction},
  pages={392--406},
  year={2013},
  organization={Springer}
}

% - Hipster (HipSpec for Isabelle sort of) hipster 2
@inproceedings{ITP2017:Johansson,
  author    = {Moa Johansson},
  title     = {Automated Theory Exploration for Interactive Theorem Proving: - An
               Introduction to the Hipster System},
  booktitle = {Interactive Theorem Proving - 8th International Conference, {ITP}
               2017, Bras{\'{\i}}lia, Brazil, September 26-29, 2017, Proceedings},
  pages     = {1--11},
  year      = {2017},
  url       = {https://doi.org/10.1007/978-3-319-66107-0\_1},
  doi       = {10.1007/978-3-319-66107-0\_1},
  timestamp = {Tue, 14 May 2019 10:00:37 +0200},
  biburl    = {https://dblp.org/rec/bib/conf/itp/Johansson17},
  bibsource = {dblp computer science bibliography, https://dblp.org}
}

@article{DBLP:journals/pacmpl/ZhangWWT22,
  author       = {Yihong Zhang and
                  Yisu Remy Wang and
                  Max Willsey and
                  Zachary Tatlock},
  title        = {Relational e-matching},
  journal      = {Proc. {ACM} Program. Lang.},
  volume       = {6},
  number       = {{POPL}},
  pages        = {1--22},
  year         = {2022},
  url          = {https://doi.org/10.1145/3498696},
  doi          = {10.1145/3498696},
  timestamp    = {Sun, 12 Feb 2023 18:49:14 +0100},
  biburl       = {https://dblp.org/rec/journals/pacmpl/ZhangWWT22.bib},
  bibsource    = {dblp computer science bibliography, https://dblp.org}
}

% Z3
@inproceedings{TACAS2008:DeMoura,
  title={Z3: An efficient SMT solver},
  author={De Moura, Leonardo and Bj{\o}rner, Nikolaj},
  booktitle={International conference on Tools and Algorithms for the Construction and Analysis of Systems},
  pages={337--340},
  year={2008},
  organization={Springer}
}

@inproceedings{DBLP:conf/tacas/BarbosaBBKLMMMN22,
  author       = {Haniel Barbosa and
                  Clark W. Barrett and
                  Martin Brain and
                  Gereon Kremer and
                  Hanna Lachnitt and
                  Makai Mann and
                  Abdalrhman Mohamed and
                  Mudathir Mohamed and
                  Aina Niemetz and
                  Andres N{\"{o}}tzli and
                  Alex Ozdemir and
                  Mathias Preiner and
                  Andrew Reynolds and
                  Ying Sheng and
                  Cesare Tinelli and
                  Yoni Zohar},
  editor       = {Dana Fisman and
                  Grigore Rosu},
  title        = {cvc5: {A} Versatile and Industrial-Strength {SMT} Solver},
  booktitle    = {Tools and Algorithms for the Construction and Analysis of Systems
                  - 28th International Conference, {TACAS} 2022, Held as Part of the
                  European Joint Conferences on Theory and Practice of Software, {ETAPS}
                  2022, Munich, Germany, April 2-7, 2022, Proceedings, Part {I}},
  series       = {Lecture Notes in Computer Science},
  volume       = {13243},
  pages        = {415--442},
  publisher    = {Springer},
  year         = {2022},
  url          = {https://doi.org/10.1007/978-3-030-99524-9\_24},
  doi          = {10.1007/978-3-030-99524-9\_24},
  timestamp    = {Fri, 29 Apr 2022 14:50:36 +0200},
  biburl       = {https://dblp.org/rec/conf/tacas/BarbosaBBKLMMMN22.bib},
  bibsource    = {dblp computer science bibliography, https://dblp.org}
}

% Vampire
@inproceedings{CAV2013:Kovacs,
  title={First-order theorem proving and Vampire},
  author={Kov{\'a}cs, Laura and Voronkov, Andrei},
  booktitle={International Conference on Computer Aided Verification},
  pages={1--35},
  year={2013},
  organization={Springer}
}

@inproceedings{DBLP:conf/tacas/NiemetzPRBT21,
  author       = {Aina Niemetz and
                  Mathias Preiner and
                  Andrew Reynolds and
                  Clark W. Barrett and
                  Cesare Tinelli},
  editor       = {Jan Friso Groote and
                  Kim Guldstrand Larsen},
  title        = {Syntax-Guided Quantifier Instantiation},
  booktitle    = {Tools and Algorithms for the Construction and Analysis of Systems
                  - 27th International Conference, {TACAS} 2021, Held as Part of the
                  European Joint Conferences on Theory and Practice of Software, {ETAPS}
                  2021, Luxembourg City, Luxembourg, March 27 - April 1, 2021, Proceedings,
                  Part {II}},
  series       = {Lecture Notes in Computer Science},
  volume       = {12652},
  pages        = {145--163},
  publisher    = {Springer},
  year         = {2021},
  url          = {https://doi.org/10.1007/978-3-030-72013-1\_8},
  doi          = {10.1007/978-3-030-72013-1\_8},
  timestamp    = {Tue, 27 Jul 2021 08:54:14 +0200},
  biburl       = {https://dblp.org/rec/conf/tacas/NiemetzPRBT21.bib},
  bibsource    = {dblp computer science bibliography, https://dblp.org}
}

@inproceedings{DBLP:conf/fmcad/0002S16,
  author       = {Rohit Singh and
                  Armando Solar{-}Lezama},
  editor       = {Ruzica Piskac and
                  Muralidhar Talupur},
  title        = {{SWAPPER:} {A} framework for automatic generation of formula simplifiers
                  based on conditional rewrite rules},
  booktitle    = {2016 Formal Methods in Computer-Aided Design, {FMCAD} 2016, Mountain
                  View, CA, USA, October 3-6, 2016},
  pages        = {185--192},
  publisher    = {{IEEE}},
  year         = {2016},
  url          = {https://doi.org/10.1109/FMCAD.2016.7886678},
  doi          = {10.1109/FMCAD.2016.7886678},
  timestamp    = {Thu, 14 Oct 2021 10:13:16 +0200},
  biburl       = {https://dblp.org/rec/conf/fmcad/0002S16.bib},
  bibsource    = {dblp computer science bibliography, https://dblp.org}
}

@inproceedings{DBLP:conf/haskell/BraquehaisR17,
  author       = {Rudy Braquehais and
                  Colin Runciman},
  editor       = {Iavor S. Diatchki},
  title        = {Speculate: discovering conditional equations and inequalities about
                  black-box functions by reasoning from test results},
  booktitle    = {Proceedings of the 10th {ACM} {SIGPLAN} International Symposium on
                  Haskell, Oxford, United Kingdom, September 7-8, 2017},
  pages        = {40--51},
  publisher    = {{ACM}},
  year         = {2017},
  url          = {https://doi.org/10.1145/3122955.3122961},
  doi          = {10.1145/3122955.3122961},
  timestamp    = {Thu, 14 Oct 2021 10:26:02 +0200},
  biburl       = {https://dblp.org/rec/conf/haskell/BraquehaisR17.bib},
  bibsource    = {dblp computer science bibliography, https://dblp.org}
}

% ECTAs
@article{Koppel22,
author = {Koppel, James and Guo, Zheng and de Vries, Edsko and Solar-Lezama, Armando and Polikarpova, Nadia},
title = {Searching Entangled Program Spaces},
year = {2022},
issue_date = {August 2022},
publisher = {Association for Computing Machinery},
address = {New York, NY, USA},
volume = {6},
number = {ICFP},
url = {https://doi.org/10.1145/3547622},
doi = {10.1145/3547622},
journal = {Proc. ACM Program. Lang.},
month = {aug},
articleno = {91},
numpages = {29},
keywords = {type systems, Haskell, program synthesis, e-graphs}
}

@inproceedings{Koppel23,
author = {
Gissurarson, Matthias Pall and Roque, Diego and Koppel, James},
title = {Spectacular: Finding Laws from 25 Trillion Programs},
year = {2023},
booktitle = {ICST},
issue_date = {April 2023},
publisher = {Association for Computing Machinery},
address = {New York, NY, USA},
volume = {6},
}

@article{herbie,
  title={Automatically improving accuracy for floating point expressions},
  author={Panchekha, Pavel and Sanchez-Stern, Alex and Wilcox, James R and Tatlock, Zachary},
  journal={ACM SIGPLAN Notices},
  volume={50},
  number={6},
  pages={1--11},
  year={2015},
  publisher={ACM New York, NY, USA}
}


% FTAs
@article{DBLP:journals/pacmpl/0001M17,
  author       = {Michael D. Adams and
                  Matthew Might},
  title        = {Restricting grammars with tree automata},
  journal      = {Proc. {ACM} Program. Lang.},
  volume       = {1},
  number       = {{OOPSLA}},
  pages        = {82:1--82:25},
  year         = {2017},
  url          = {https://doi.org/10.1145/3133906},
  doi          = {10.1145/3133906},
  timestamp    = {Wed, 17 Feb 2021 08:54:14 +0100},
  biburl       = {https://dblp.org/rec/journals/pacmpl/0001M17.bib},
  bibsource    = {dblp computer science bibliography, https://dblp.org}
}

@inproceedings{VMCAI2015:Reynolds,
    author={Reynolds, Andrew and Kuncak, Viktor},
    editor={D'Souza, Deepak and Lal, Akash and Larsen, Kim Guldstrand},
    title={Induction for {SMT} Solvers},
    booktitle="Verification, Model Checking, and Abstract Interpretation",
    year="2015",
    publisher="Springer Berlin Heidelberg",
    address="Berlin, Heidelberg",
    pages="80--98",
    isbn="978-3-662-46081-8"
}

% VSAs
@article{DBLP:journals/ml/LauWDW03,
  author       = {Tessa A. Lau and
                  Steven A. Wolfman and
                  Pedro M. Domingos and
                  Daniel S. Weld},
  title        = {Programming by Demonstration Using Version Space Algebra},
  journal      = {Mach. Learn.},
  volume       = {53},
  number       = {1-2},
  pages        = {111--156},
  year         = {2003},
  url          = {https://doi.org/10.1023/A:1025671410623},
  doi          = {10.1023/A:1025671410623},
  timestamp    = {Mon, 02 Mar 2020 16:29:43 +0100},
  biburl       = {https://dblp.org/rec/journals/ml/LauWDW03.bib},
  bibsource    = {dblp computer science bibliography, https://dblp.org}
}

@inproceedings{DBLP:conf/icml/LauDW00,
  author       = {Tessa A. Lau and
                  Pedro M. Domingos and
                  Daniel S. Weld},
  editor       = {Pat Langley},
  title        = {Version Space Algebra and its Application to Programming by Demonstration},
  booktitle    = {Proceedings of the Seventeenth International Conference on Machine
                  Learning {(ICML} 2000), Stanford University, Stanford, CA, USA, June
                  29 - July 2, 2000},
  pages        = {527--534},
  publisher    = {Morgan Kaufmann},
  year         = {2000},
  timestamp    = {Thu, 07 May 2015 20:04:43 +0200},
  biburl       = {https://dblp.org/rec/conf/icml/LauDW00.bib},
  bibsource    = {dblp computer science bibliography, https://dblp.org}
}

@inproceedings{DBLP:pldi23/Zhang,
  author       = {Yihong Zhang and
                  Yisu Remy Wang and
                  Oliver Flatt and
                  David Cao and
                  Philip Zucker and
                  Eli Rosenthal and
                  Zachary Tatlock and
                  Max Willsey},
  title        = {Better Together: Unifying Datalog and Equality Saturation},
  booktitle    = {{PLDI} '23: 44rd {ACM} {SIGPLAN} International Conference on Programming
                  Language Design and Implementation},
  year         = {2023},
  url          = {https://doi.org/10.48550/arXiv.2304.04332},
  doi          = {10.48550/arXiv.2304.04332}
}

% Cyclist
@inproceedings{DBLP:conf/aplas/BrotherstonGP12,
  author       = {James Brotherston and
                  Nikos Gorogiannis and
                  Rasmus Lerchedahl Petersen},
  editor       = {Ranjit Jhala and
                  Atsushi Igarashi},
  title        = {A Generic Cyclic Theorem Prover},
  booktitle    = {Programming Languages and Systems - 10th Asian Symposium, {APLAS}
                  2012, Kyoto, Japan, December 11-13, 2012. Proceedings},
  series       = {Lecture Notes in Computer Science},
  volume       = {7705},
  pages        = {350--367},
  publisher    = {Springer},
  year         = {2012},
  url          = {https://doi.org/10.1007/978-3-642-35182-2\_25},
  doi          = {10.1007/978-3-642-35182-2\_25},
  timestamp    = {Tue, 14 May 2019 10:00:41 +0200},
  biburl       = {https://dblp.org/rec/conf/aplas/BrotherstonGP12.bib},
  bibsource    = {dblp computer science bibliography, https://dblp.org}
}

% CycleQ
@inproceedings{cycleq,
  title={CycleQ: an efficient basis for cyclic equational reasoning},
  author={Jones, Eddie and Ong, C-H Luke and Ramsay, Steven},
  booktitle={Proceedings of the 43rd ACM SIGPLAN International Conference on Programming Language Design and Implementation},
  pages={395--409},
  year={2022}
}

@inproceedings{coward2023automating,
  title={Automating constraint-aware datapath optimization using e-graphs},
  author={Coward, Samuel and Constantinides, George A and Drane, Theo},
  booktitle={2023 60th ACM/IEEE Design Automation Conference (DAC)},
  pages={1--6},
  year={2023},
  organization={IEEE}
}