@inproceedings{singher2021theory-front,
  title={Theory exploration powered by deductive synthesis},
  author={Singher, Eytan and Itzhaky, Shachar},
  booktitle={Computer Aided Verification: 33rd International Conference, CAV 2021, Virtual Event, July 20--23, 2021, Proceedings, Part II 33},
  pages={125--148},
  year={2021},
  organization={Springer}
}

@inproceedings{colors-front,
  title={Easter Egg: Equality Reasoning Based on E-Graphs with Multiple Assumptions.},
  author={Singher, Eytan and Itzhaky, Shachar},
  booktitle={FMCAD},
  
  year={2024}
}
% To do pages fmcad